@InProceedings{Zhang09,
	author    = {Q. Zhang and W. Liu and H. Li},
	title     = {The performance of a new version of MOEA/D on CEC09 unconstrained MOP test instances},
	booktitle = {2009 IEEE Congress on Evolutionary Computation},
	year      = {2009},
	pages     = {203--208},
	month     = {May},
	issn      = {1089-778X},
}

@article{Deb:2002:FEM:2221359.2221582,
 author = {Deb, K. and Pratap, A. and Agarwal, S. and Meyarivan, T.},
 title = {A Fast and Elitist Multiobjective Genetic Algorithm: NSGA-II},
 journal = {Trans. Evol. Comp},
 issue_date = {April 2002},
 volume = {6},
 number = {2},
 month = apr,
 year = {2002},
 issn = {1089-778X},
 pages = {182--197},
 numpages = {16},
 url = {http://dx.doi.org/10.1109/4235.996017},
 doi = {10.1109/4235.996017},
 acmid = {2221582},
 publisher = {IEEE Press},
 address = {Piscataway, NJ, USA},
} 




@article{smsemoa,
  author    = {Nicola Beume and Boris Naujoks and Michael Emmerich},
  title     = {SMS-EMOA: Multiobjective selection based on dominated hypervolume},
  journal   = {European Journal of Operational Research},
  year      = {2007},
  volume    = {181},
  number    = {3},
  pages     = {1653--1669}
}

@Article{Zhang08,
	author  = {Qingfu Zhang and Aimin Zhou and Yaochu Jin},
	title   = {{RM-MEDA: A Regularity Model-Based Multiobjective Estimation of Distribution Algorithm}},
	journal = {IEEE Transactions on Evolutionary Computation},
	year    = {2008},
	volume  = {12},
	number  = {1},
	pages   = {41--63},
	month   = {February},
}

@Article{li2015,
	author    = {Li, Ke and Deb, Kalyanmoy and Zhang, Qingfu and Kwong, Sam},
	title     = {An evolutionary many-objective optimization algorithm based on dominance and decomposition},
	journal   = {IEEE Transactions on Evolutionary Computation},
	year      = {2015},
	volume    = {19},
	number    = {5},
	pages     = {694--716},
	publisher = {IEEE},
}

@InProceedings{Peng2008,
	author    = {Wei Peng and Q. Zhang},
	title     = {A decomposition-based multi-objective Particle Swarm Optimization algorithm for continuous optimization problems},
	booktitle = {2008 IEEE International Conference on Granular Computing},
	year      = {2008},
	pages     = {534-537},
	month     = {Aug},
}

@Article{Medina2014,
	author  = {Miguel A. Medina and Swagatam Das and Carlos A. Coello Coello and Juan M. Ram\'{i}rez},
	title   = {Decomposition-based modern metaheuristic algorithms for multi-objective optimal power flow--A comparative study},
	journal = {Engineering Applications of Artificial Intelligence},
	year    = {2014},
	volume  = {32},
	pages   = {10--20},
	issn    = {0952-1976},
}


@InProceedings{Zapotecas2011,
	author    = {Zapotecas-Mart\'{\i}nez, Sa\'{u}l and Coello Coello, Carlos A.},
	title     = {A Multi-objective Particle Swarm Optimizer Based on Decomposition},
	booktitle = {Proceedings of the 13th Annual Conference on Genetic and Evolutionary Computation},
	year      = {2011},
	series    = {GECCO '11},
	pages     = {69--76},
	address   = {New York, NY, USA},
	publisher = {ACM},
	acmid     = {2001587},
	isbn      = {978-1-4503-0557-0},
	keywords  = {decomposition approach, multi-objective optimization, particle swarm optimization},
	location  = {Dublin, Ireland},
	numpages  = {8},
}

@Article{Zhang07b,
	author  = {Qingfu Zhang and Hui Li},
	title   = {{MOEA}/{D}: {A} {M}ultiobjective {E}volutionary {A}lgorithm {B}ased on {D}ecomposition},
	journal = {IEEE Transactions on Evolutionary Computation},
	year    = {2007},
	volume  = {11},
	number  = {6},
	pages   = {712--731},
	month   = {December},
}

@Article{Verel2013,
	author   = {S\'{e}bastien Verel and Arnaud Liefooghe and Laetitia Jourdan and Clarisse Dhaenens},
	title    = {On the structure of multiobjective combinatorial search space: MNK-landscapes with 
	correlated objectives},
	journal  = {European Journal of Operational Research},
	year     = {2013},
	volume   = {227},
	number   = {2},
	pages    = {331--342},
	issn     = {0377-2217},
	doi      = {https://doi.org/10.1016/j.ejor.2012.12.019},
	keywords = {Multiple objective programming, Combinatorial optimization, Local search, Fitness 
	landscape analysis, Pareto optimal set, Pareto local optima},
	url      = {http://www.sciencedirect.com/science/article/pii/S0377221712009630},
}

@Article{Chakraborti09,
	Title                    = {Tailor-made material design: An evolutionary approach using 
	multi-objective genetic algorithms},
	Author                   = {N. Chakraborti and R. Sreevathsan and R. Jayakanth and B. 
	Bhattacharya},
	Journal                  = {Computational Materials Science},
	Year                     = {2009},
	Number                   = {1},
	Pages                    = {1--7},
	Volume                   = {45},
	
	ISSN                     = {0927-0256},
	Keywords                 = {Optimization}
}

@Article{Dirkx14,
	Title                    = {Optimization of entry-vehicle shapes during conceptual design },
	Author                   = {D. Dirkx and E. Mooij},
	Journal                  = {Acta Astronautica},
	Year                     = {2014},
	Number                   = {1},
	Pages                    = {198--214},
	Volume                   = {94},
	
	ISSN                     = {0094-5765},
	Keywords                 = {Atmospheric entry}
}

@Article{Sheftel13,
	author  = {Hila Sheftel and Oren Shoval and Avi Mayo and Uri Alon},
	title   = {The geometry of the Pareto front in biological phenotype space},
	journal = {Ecology and Evolution},
	year    = {2013},
	volume  = {3},
	number  = {6},
	pages   = {1471--1483},
}

@Article{Ishibuchi2017,
	author    = {Hisao Ishibuchi and Yu Setoguchi and Hiroyuki Masuda and Yusuke Nojima},
	title     = {Performance of Decomposition-Based Many-Objective Algorithms Strongly Depends on Pareto Front Shapes},
	journal   = {{IEEE} Trans. Evolutionary Computation},
	year      = {2017},
	volume    = {21},
	number    = {2},
	pages     = {169--190},
	bibsource = {dblp computer science bibliography, http://dblp.org},
	biburl    = {http://dblp.dagstuhl.de/rec/bib/journals/tec/IshibuchiSMN17},
	doi       = {10.1109/TEVC.2016.2587749},
	file      = {:07509682.pdf:PDF},
}

@InProceedings{Li14f,
	author    = {Hui Li and Qingfu Zhang and Jingda Deng},
	title     = {{Multiobjective Test Problems with Complicated Pareto Fronts: Difficulties in Degeneracy}},
	booktitle = {2014 IEEE Congress on Evolutionary Computation (CEC'2014)},
	year      = {2014},
	pages     = {2156--2163},
	address   = {Beijing, China},
	month     = {6-11 July},
	publisher = {IEEE Press},
	note      = {ISBN 978-1-4799-1488-3},
}

@Article{Huband2006,
	author    = {Simon Huband and Philip Hingston and Luigi Barone and R. Lyndon While},
	title     = {A review of multiobjective test problems and a scalable test problem toolkit},
	journal   = {{IEEE} Trans. Evolutionary Computation},
	year      = {2006},
	volume    = {10},
	number    = {5},
	pages     = {477--506},
	bibsource = {dblp computer science bibliography, http://dblp.org},
	biburl    = {http://dblp.dagstuhl.de/rec/bib/journals/tec/HubandHBW06},
	doi       = {10.1109/TEVC.2005.861417},
	file      = {:Huband06.pdf:PDF},
}

@ARTICLE{Zapotecas17-TR1, 
author={S. Zapotecas-Martínez and C. A. C. Coello and H. E. Aguirre and K. Tanaka}, 
journal={IEEE Transactions on Evolutionary Computation}, 
title={A Review of Features and Limitations of Existing Scalable Multi-Objective Test Suites}, 
year={2018}, 
volume={}, 
number={}, 
pages={1-1}, 
keywords={Topology;Pareto optimization;Evolutionary computation;Linear programming;Search problems;Shape}, 
doi={10.1109/TEVC.2018.2836912}, 
ISSN={1089-778X}, 
month={},
}

@Article{Li09c,
	author  = {Hui Li and Qingfu Zhang},
	title   = {{Multiobjective Optimization Problems With Complicated Pareto Sets, MOEA/D and NSGA-II}},
	journal = {IEEE Transactions on Evolutionary Computation},
	year    = {2009},
	volume  = {13},
	number  = {2},
	pages   = {284--302},
	month   = {April},
}

@InProceedings{Okabe04b,
	author    = {Tatsuya Okabe and Yaochu Jin and Markus Olhofer and Bernhard Sendhoff},
	title     = {On {T}est {F}unctions for {E}volutionary {M}ulti-objective {O}ptimization},
	booktitle = {Parallel Problem Solving from Nature - PPSN VIII},
	year      = {2004},
	editor    = {Xin Yao et al.},
	pages     = {792--802},
	address   = {Birmingham, UK},
	month     = {September},
	publisher = {Springer-Verlag. Lecture Notes in Computer Science Vol. 3242},
}

@article{ZAPOTECASMARTINEZ2018,
	title = "LIBEA: A Lebesgue Indicator-Based Evolutionary Algorithm for multi-objective optimization",
	journal = "Swarm and Evolutionary Computation",
	year = "2018",
	issn = "2210-6502",
	doi = "https://doi.org/10.1016/j.swevo.2018.05.004",
	url = "http://www.sciencedirect.com/science/article/pii/S2210650217307216",
	author = "Saúl Zapotecas-Martínez and Antonio López-Jaimes and Abel García-Nájera",
	keywords = "Evolutionary multi-objective algorithms, Indicator-based EMOAs, Hypervolume indicator, Lebesgue measure"
}

@article{ma2004new,
  title={A new approach to construction of nearly uniform designs},
  author={Ma, Changxing and Fang, Kai-Tai},
  journal={International Journal of Materials and Product Technology},
  volume={20},
  number={1-3},
  pages={115--126},
  year={2004},
  publisher={Inderscience Publishers}
}

@article{glover1989tabu,
  title={Tabu search part I},
  author={Glover, Fred},
  journal={ORSA Journal on computing},
  volume={1},
  number={3},
  pages={190--206},
  year={1989},
  publisher={INFORMS}
}

@article{fang1980experimental,
  title={Experimental design by uniform distribution},
  author={Fang, KT},
  journal={Acta Mathematice Applicatae Sinica},
  volume={3},
  number={363-372},
  year={1980}
}

@inproceedings{liu2016evolutionary,
  title={An evolutionary many-objective optimisation algorithm with adaptive region decomposition.},
  author={Liu, Hai-Lin and Chen, Lei and Zhang, Qingfu and Deb, Kalyanmoy},
  booktitle={CEC},
  pages={4763--4769},
  year={2016}
}

@article{wang2017use,
  title={On the use of two reference points in decomposition based multiobjective evolutionary algorithms},
  author={Wang, Zhenkun and Zhang, Qingfu and Li, Hui and Ishibuchi, Hisao and Jiao, Licheng},
  journal={Swarm and evolutionary computation},
  volume={34},
  pages={89--102},
  year={2017},
  publisher={Elsevier}
}

@article{zhang2018adjust,
  title={Adjust weight vectors in MOEA/D for bi-objective optimization problems with discontinuous Pareto fronts},
  author={Zhang, Chunjiang and Tan, Kay Chen and Lee, Loo Hay and Gao, Liang},
  journal={Soft Computing},
  volume={22},
  number={12},
  pages={3997--4012},
  year={2018},
  publisher={Springer}
}

@incollection{Osyczka1985193,
title = "7 - Multicriteria optimization for engineering design ",
editor = "Gero, John S. ",
booktitle = "Design Optimization ",
publisher = "Academic Press",
edition = "",
address = "",
year = "1985",
pages = "193 - 227",
isbn = "978-0-12-280910-1",
doi = "https://doi.org/10.1016/B978-0-12-280910-1.50012-X",
url = "http://www.sciencedirect.com/science/article/pii/B978012280910150012X",
author = "Andrzej Osyczka"
}

@inproceedings{zapotecas2015low,
  title={On the low-discrepancy sequences and their use in MOEA/D for high-dimensional objective spaces},
  author={Zapotecas-Mart{\'\i}nez, Saul and Aguirre, Hern{\'a}n E and Tanaka, Kiyoshi and {Coello Coello}, Carlos A.},
  booktitle={Evolutionary Computation (CEC), 2015 IEEE Congress on},
  pages={2835--2842},
  year={2015},
  organization={IEEE}
}


@book{coello2004applications,
  title={{A}pplications of {M}ulti-objective {E}volutionary {A}lgorithms},
  author={{Coello Coello}, Carlos A. y Lamont, Gary B.},
  isbn={9789814481304},
  series={Advances In Natural Computation},
  year={2004},
  publisher={World Scientific Publishing Company}
}

@inproceedings{jiang2011multiobjective,
  title={Multiobjective optimization by decomposition with Pareto-adaptive weight vectors},
  author={Jiang, Siwei and Cai, Zhihua and Zhang, Jie and Ong, Yew-Soon},
  booktitle={Natural Computation (ICNC), 2011 Seventh International Conference on},
  volume={3},
  pages={1260--1264},
  year={2011},
  organization={IEEE}
}

@article{deb2005scalable,
  title={Scalable test problems for evolutionary multiobjective optimization},
  author={Deb, Kalyanmoy and Thiele, Lothar and Laumanns, Marco and Zitzler, Eckart},
  journal={Evolutionary Multiobjective Optimization. Theoretical Advances and Applications},
  pages={105--145},
  year={2005},
  publisher={Springer}
}

@inproceedings{ishibuchi2008evolutionary,
  title={Evolutionary many-objective optimization: A short review},
  author={Ishibuchi, Hisao and Tsukamoto, Noritaka and Nojima, Yusuke},
  booktitle={Evolutionary Computation, 2008. CEC 2008.(IEEE World Congress on Computational Intelligence). IEEE Congress on},
  pages={2419--2426},
  year={2008},
  organization={IEEE}
}

@inproceedings{purshouse2003evolutionary,
  title={Evolutionary many-objective optimisation: An exploratory analysis},
  author={Purshouse, Robin C and Fleming, Peter J},
  booktitle={Evolutionary Computation, 2003. CEC'03. The 2003 Congress on},
  volume={3},
  pages={2066--2073},
  year={2003},
  organization={IEEE}
}

@article{li2011adaptive,
  title={An adaptive evolutionary multi-objective approach based on simulated annealing},
  author={Li, Hui and Landa-Silva, Dario},
  journal={Evolutionary Computation},
  volume={19},
  number={4},
  pages={561--595},
  year={2011},
  publisher={MIT Press}
}

@Inbook{Giagkiozis2013,
author="Giagkiozis, Ioannis
and Purshouse, Robin C.
and Fleming, Peter J.",
editor="Purshouse, Robin C.
and Fleming, Peter J.
and Fonseca, Carlos M.
and Greco, Salvatore
and Shaw, Jane",
title="Generalized Decomposition",
bookTitle="Evolutionary Multi-Criterion Optimization: 7th International Conference, EMO 2013, Sheffield, UK, March 19-22, 2013. Proceedings",
year="2013",
publisher="Springer Berlin Heidelberg",
address="Berlin, Heidelberg",
pages="428--442",
abstract="Decomposition-based algorithms seem promising for many-objective optimization problems. However, the issue of selecting a set of weighting vectors for more than two objectives is still unresolved and ad-hoc methods are predominantly used. In the present work, a novel concept is introduced which we call generalized decomposition. Generalized decomposition enables the analyst to adapt the generated distribution of Pareto optimal points, according to the preferences of the decision maker. Also it is shown that generalized decomposition unifies the three performance objectives in multi-objective optimization algorithms to only one, that of convergence to the Pareto front.",
isbn="978-3-642-37140-0",
doi="10.1007/978-3-642-37140-0_33",
url="https://doi.org/10.1007/978-3-642-37140-0_33"
}

@article{coello1999comprehensive,
  title={A comprehensive survey of evolutionary-based multiobjective optimization techniques},
  author={{Coello Coello}, Carlos A and others},
  journal={Knowledge and Information systems},
  volume={1},
  number={3},
  pages={129--156},
  year={1999}
}

@book{coello2007evolutionary,
  title={Evolutionary algorithms for solving multi-objective problems},
  author={{Coello Coello}, Carlos A and others},
  volume={5},
  year={2007},
  publisher={Springer}
}


@book{mie99,
  added-at = {2010-11-11T15:22:40.000+0100},
  author = {Miettinen, K.},
  biburl = {https://www.bibsonomy.org/bibtex/241c07e88cb7d7974ba224db2a08e1cd7/toevanen},
  interhash = {2eaa7d724ee493c2791e0435d300a1bd},
  intrahash = {41c07e88cb7d7974ba224db2a08e1cd7},
  keywords = {book optimization},
  publisher = {Kluwer Academic Publishers, Boston},
  timestamp = {2010-11-13T10:04:19.000+0100},
  title = {Nonlinear multiobjective optimization},
  year = 1999
}

@article{zhang2008multiobjective,
  title={Multiobjective optimization test instances for the CEC 2009 special session and competition},
  author={Zhang, Qingfu  and others},
  journal={University of Essex, Colchester, UK and Nanyang technological University, Singapore, special session on performance assessment of multi-objective optimization algorithms, technical report},
  volume={264},
  year={2008}
}


@inproceedings{qi2014moea,
  title={{MOEA/D} with a delaunay triangulation based weight adjustment},
  author={Qi, Yutao and others},
  booktitle={Proceedings of the Companion Publication of the 2014 Annual Conference on Genetic and Evolutionary Computation},
  pages={93--94},
  year={2014},
  organization={ACM}
}

@INPROCEEDINGS{7748353,
author={C. He  and others},
booktitle={2016 IEEE Congress on Evolutionary Computation (CEC)},
title={An improved reference point sampling method on Pareto optimal front},
year={2016},
pages={5230-5237},
keywords={Pareto optimisation;evolutionary computation;sampling methods;vectors;Pareto optimal front;multiobjective evolutionary algorithms;performance metrics;reference point sampling method;uniformly distributed weight vectors;Convergence;Euclidean distance;Evolutionary computation;Optimization;Sampling methods;Shape},
doi={10.1109/CEC.2016.7748353},
month={July},}

@ARTICLE{6595549,
author={H. L. Liu and F. Gu and Q. Zhang},
journal={IEEE Transactions on Evolutionary Computation},
title={Decomposition of a Multiobjective Optimization Problem Into a Number of Simple Multiobjective Subproblems},
year={2014},
volume={18},
number={3},
pages={450-455},
keywords={evolutionary computation;optimisation;MOEA-D-M2M;MOP;NSGA-II;classic MOEA/D;multiobjective optimization evolutionary algorithm-based decomposition;population diversity;Approximation algorithms;Approximation methods;Linear programming;Optimization;Sociology;Statistics;Vectors;Decomposition;Multiobjective optimization;decomposition;hybrid algorithms;multiobjective optimization},
doi={10.1109/TEVC.2013.2281533},
ISSN={1089-778X},
month={June},}

@article{Giagkiozis2014363,
title = "Generalized decomposition and cross entropy methods for many-objective optimization ",
journal = "Information Sciences ",
volume = "282",
number = "",
pages = "363 - 387",
year = "2014",
note = "",
issn = "0020-0255",
doi = "https://doi.org/10.1016/j.ins.2014.05.045",
url = "http://www.sciencedirect.com/science/article/pii/S0020025514006057",
author = "I. Giagkiozis and R.C. Purshouse and P.J. Fleming",
keywords = "Generalized decomposition",
keywords = "Many-objective optimization",
keywords = "Decomposition method",
keywords = "Cross entropy method",
keywords = "Convex optimization "
}

@inproceedings{giagkiozis2013towards,
  title={Towards understanding the cost of adaptation in decomposition-based optimization algorithms},
  author={Giagkiozis, Ioannis and Purshouse, Robin C and Fleming, Peter J},
  booktitle={Systems, Man, and Cybernetics (SMC), 2013 IEEE International Conference on},
  pages={615--620},
  year={2013},
  organization={IEEE}
}


@ARTICLE{6600851,
author={K. Deb and H. Jain},
journal={IEEE Transactions on Evolutionary Computation},
title={An Evolutionary Many-Objective Optimization Algorithm Using Reference-Point-Based Nondominated Sorting Approach, Part I: Solving Problems With Box Constraints},
year={2014},
volume={18},
number={4},
pages={577-601},
keywords={genetic algorithms;sorting;EMO algorithms;MOEA/D methods;NSGA-II framework;NSGA-III;box constraints;evolutionary many-objective optimization algorithm;evolutionary multiobjective optimization algorithms;many-objective optimization problems;many-objective test problems;reference points;reference-point-based many-objective evolutionary algorithm;reference-point-based nondominated sorting approach;unconstrained problems;Educational institutions;Measurement;Optimization;Sociology;Statistics;Vectors;Zirconium;Evolutionary computation;Many-objective optimization;NSGA-III;evolutionary computation;large dimension;many-objective optimization;multi-criterion optimization;multicriterion optimization;non-dominated sorting;nondominated sorting},
doi={10.1109/TEVC.2013.2281535},
ISSN={1089-778X},
month={Aug},}

@inbook{a0ecee762d9f4867a9ded8de598c732e,
title = "U-NSGA-III: A unified evolutionary optimization procedure for single, multiple, and many objectives: Proof-of-principle results",
keywords = "Many-objective optimization, Mono-objective optimization, Multi-objective optimization, NSGA-II, NSGA-III, Unified algorithms",
author = "Haitham Seada and Kalyanmoy Deb",
year = "2015",
doi = "10.1007/978-3-319-15892-1_3",
isbn = "9783319158914",
volume = "9019",
series = "Lecture Notes in Computer Science (including subseries Lecture Notes in Artificial Intelligence and Lecture Notes in Bioinformatics)",
publisher = "Springer Verlag",
pages = "34--49",
booktitle = "Lecture Notes in Computer Science (including subseries Lecture Notes in Artificial Intelligence and Lecture Notes in Bioinformatics)",
}

@INPROCEEDINGS{7257251,
author={H. Seada and K. Deb},
booktitle={2015 IEEE Congress on Evolutionary Computation (CEC)},
title={Effect of selection operator on NSGA-III in single, multi, and many-objective optimization},
year={2015},
pages={2915-2922},
keywords={genetic algorithms;mathematical operators;U-NSGA-III;decomposition-based elitist nondominated sorting genetic algorithm;many-objective optimization;multifold NSGA-III;multiobjective optimization;multiple population;niching based selection operator;population size;problem dimensionality;reference direction;single-fold restriction;single-objective optimization;unified algorithm;Algorithm design and analysis;Convergence;Evolutionary computation;Optimization;Sociology;Sorting;Statistics},
doi={10.1109/CEC.2015.7257251},
ISSN={1089-778X},
month={May},}

@ARTICLE{4358754,
author={Q. Zhang and H. Li},
journal={IEEE Transactions on Evolutionary Computation},
title={MOEA/D: A Multiobjective Evolutionary Algorithm Based on Decomposition},
year={2007},
volume={11},
number={6},
pages={712-731},
keywords={computational complexity;genetic algorithms;computational complexity;decomposition;genetic algorithm;knapsack problem;multiobjective evolutionary algorithm;scalar optimization subproblem;Computational complexity;Pareto optimality;decomposition;evolutionary algorithm;multiobjective optimization},
doi={10.1109/TEVC.2007.892759},
ISSN={1089-778X},
month={Dec},}

@INPROCEEDINGS{5585957,
author={B. Liu and and others},
booktitle={IEEE Congress on Evolutionary Computation},
title={An enhanced MOEA/D-DE and its application to multiobjective analog cell sizing},
year={2010},
pages={1-7},
keywords={Pareto optimisation;differential equations;evolutionary computation;search problems;Pareto optimal set;decomposition;differential evolution;multiobjective analog cell sizing;multiobjective evolutionary algorithm;multiobjective problem;replacement mechanism;scalar optimization sub-problem;search engine;Approximation algorithms;Approximation methods;Benchmark testing;Evolutionary computation;Maintenance engineering;Optimization;Search engines},
doi={10.1109/CEC.2010.5585957},
ISSN={1089-778X},
month={July},}

@INPROCEEDINGS{5949789,
author={T. C. Chiang and Y. P. Lai},
booktitle={2011 IEEE Congress of Evolutionary Computation (CEC)},
title={MOEA/D-AMS: Improving MOEA/D by an adaptive mating selection mechanism},
year={2011},
pages={1473-1480},
keywords={Pareto optimisation;evolutionary computation;MOEA-D-AMS;Pareto optimal solutions;adaptive mating selection mechanism;distributed weight vectors;multiobjective evolutionary algorithm;Approximation algorithms;Benchmark testing;Cascading style sheets;Evolutionary computation;Measurement;Optimization;Vectors;evolutionary algorithm;mating pool;mating selection;multiobjective optimization;scalarization;subproblem},
doi={10.1109/CEC.2011.5949789},
ISSN={1089-778X},
month={June},}

@ARTICLE{6151117,
author={S. Z. Zhao and P. N. Suganthan and Q. Zhang},
journal={IEEE Transactions on Evolutionary Computation},
title={Decomposition-Based Multiobjective Evolutionary Algorithm With an Ensemble of Neighborhood Sizes},
year={2012},
volume={16},
number={3},
pages={442-446},
keywords={evolutionary computation;decomposition-based multiobjective evolutionary algorithm;multiobjective optimization algorithm competition;neighborhood sizes;online self-adaptation;Approximation algorithms;Educational institutions;Evolutionary computation;Heuristic algorithms;Pareto optimization;Vectors;Decomposition;multiobjective optimization;self-adaptation},
doi={10.1109/TEVC.2011.2166159},
ISSN={1089-778X},
month={June},}

@article{Ma:2014:MOL:2723918.2724428,
 author = {Ma, Xiaoliang and others},
 title = {MOEA/D with Opposition-based Learning for Multiobjective Optimization Problem},
 journal = {Neurocomput.},
 issue_date = {December, 2014},
 volume = {146},
 number = {C},
 month = oct,
 year = {2014},
 issn = {0925-2312},
 pages = {48--64},
 numpages = {17},
 url = {http://dx.doi.org/10.1016/j.neucom.2014.04.068},
 doi = {10.1016/j.neucom.2014.04.068},
 acmid = {2724428},
 publisher = {Elsevier Science Publishers B. V.},
 address = {Amsterdam, The Netherlands, The Netherlands},
 keywords = {Decomposition, Evolutionary algorithm, Multi-objective optimization, Opposition-based learning},} 
 
 @article{doi:10.1162/EVCOa00109,
author = {Yutao Qi  and others},
title = {MOEA/D with Adaptive Weight Adjustment},
journal = {Evolutionary Computation},
volume = {22},
number = {2},
pages = {231-264},
year = {2014},
doi = {10.1162/EVCO\_a\_00109},
    note ={PMID: 23777254},

URL = { 
        http://dx.doi.org/10.1162/EVCO_a_00109
    
},
eprint = { 
        http://dx.doi.org/10.1162/EVCO_a_00109   
}
,
}
@INPROCEEDINGS{1631345,
author={H. R. Tizhoosh},
booktitle={International Conference on Computational Intelligence for Modelling, Control and Automation and International Conference on Intelligent Agents, Web Technologies and Internet Commerce (CIMCA-IAWTIC'06)},
title={Opposition-Based Learning: A New Scheme for Machine Intelligence},
year={2005},
volume={1},
pages={695-701},
keywords={estimation theory;learning (artificial intelligence);optimisation;search problems;machine intelligence;opposition-based learning;Biological neural networks;Computational intelligence;Genetic algorithms;Humans;Intelligent agent;Internet;Learning systems;Machine intelligence;Machine learning;Neural networks},
doi={10.1109/CIMCA.2005.1631345},
month={Nov},}

@inproceedings{Kramer:2010:DMN:1830483.1830575,
 author = {Kramer, Oliver and Danielsiek, Holger},
 title = {DBSCAN-based Multi-objective Niching to Approximate Equivalent Pareto-subsets},
 booktitle = {Proceedings of the 12th Annual Conference on Genetic and Evolutionary Computation},
 series = {GECCO '10},
 year = {2010},
 isbn = {978-1-4503-0072-8},
 location = {Portland, Oregon, USA},
 pages = {503--510},
 numpages = {8},
 url = {http://doi.acm.org/10.1145/1830483.1830575},
 doi = {10.1145/1830483.1830575},
 acmid = {1830575},
 publisher = {ACM},
 address = {New York, NY, USA},
 keywords = {hybrid evolutionary multiobjective algorithm, hybrid metaheuristics, local search, memetic algorithms},
} 

@Inbook{Shir2009,
author="Shir, Ofer M.
and Preuss, Mike
and Naujoks, Boris
and Emmerich, Michael",
editor="Ehrgott, Matthias
and Fonseca, Carlos M.
and Gandibleux, Xavier
and Hao, Jin-Kao
and Sevaux, Marc",
title="Enhancing Decision Space Diversity in Evolutionary Multiobjective Algorithms",
bookTitle="Evolutionary Multi-Criterion Optimization: 5th International Conference, EMO 2009, Nantes, France, April 7-10, 2009. Proceedings",
year="2009",
publisher="Springer Berlin Heidelberg",
address="Berlin, Heidelberg",
pages="95--109",
isbn="978-3-642-01020-0",
doi="10.1007/978-3-642-01020-0_12",
url="http://dx.doi.org/10.1007/978-3-642-01020-0_12"
}

@article{ahrari2016multimodal,
  title={Multimodal Optimization by Covariance Matrix Self-Adaptation Evolution Strategy with Repelling Subpopulations},
  author={Ahrari, Ali and Deb, Kalyanmoy and Preuss, Mike},
  journal={Evolutionary computation},
  year={2016},
  publisher={MIT Press}
}

@article{roth1955rational,
  title={Rational approximations to algebraic numbers},
  author={Roth, Klaus Friedrich},
  journal={Mathematika},
  volume={2},
  number={1},
  pages={1--20},
  year={1955},
  publisher={London Mathematical Society}
}

@article{Das:1998:NIN:588907.589322,
 author = {Das, Indraneel and Dennis, J. E.},
 title = {Normal-Boundary Intersection: A New Method for Generating the Pareto Surface in Nonlinear Multicriteria Optimization Problems},
 journal = {SIAM J. on Optimization},
 issue_date = {1998},
 volume = {8},
 number = {3},
 month = mar,
 year = {1998},
 issn = {1052-6234},
 pages = {631--657},
 numpages = {27},
 url = {http://dx.doi.org/10.1137/S1052623496307510},
 doi = {10.1137/S1052623496307510},
 acmid = {589322},
 publisher = {Society for Industrial and Applied Mathematics},
 address = {Philadelphia, PA, USA},
 keywords = {Pareto set, multicriteria optimization, multiobjective optimization, trade-off curve},
} 

@article{fang2003j,
  title={J. Uniform designs and their application in industry},
  author={Fang, KT and Lin, DK},
  journal={Handbook on Statistics in Industry. Amsterdam: Elsevier},
  pages={131--170},
  year={2003}
}

@Article{Messac2003,
author="Messac, A.
and Ismail-Yahaya, A.
and Mattson, C.A.",
title="The normalized normal constraint method for generating the Pareto frontier",
journal="Structural and Multidisciplinary Optimization",
year="2003",
month="Jul",
day="01",
volume="25",
number="2",
pages="86--98",
issn="1615-1488",
doi="10.1007/s00158-002-0276-1",
url="http://dx.doi.org/10.1007/s00158-002-0276-1"
}

@book{Holland:1992:ANA:531075,
 author = {Holland, John H.},
 title = {Adaptation in Natural and Artificial Systems: An Introductory Analysis with Applications to Biology, Control and Artificial Intelligence},
 year = {1992},
 isbn = {0262082136},
 publisher = {MIT Press},
 address = {Cambridge, MA, USA},
} 

@inproceedings{jain2013improved,
  title={An improved adaptive approach for elitist nondominated sorting genetic algorithm for many-objective optimization},
  author={Jain, Himanshu and Deb, Kalyanmoy},
  booktitle={International Conference on Evolutionary Multi-Criterion Optimization},
  pages={307--321},
  year={2013},
  organization={Springer}
}

@article{goldberg1988genetic,
  title={Genetic algorithms and machine learning},
  author={Goldberg, David E and Holland, John H},
  journal={Machine learning},
  volume={3},
  number={2},
  pages={95--99},
  year={1988},
  publisher={Springer}
}

@article{trivedi2017survey,
  title={A survey of multiobjective evolutionary algorithms based on decomposition},
  author={Trivedi, Anupam and others},
  journal={IEEE Transactions on Evolutionary Computation},
  volume={21},
  number={3},
  pages={440--462},
  year={2017},
  publisher={IEEE}
}

@article{tan2013moea,
  title={MOEA/D+ uniform design: A new version of MOEA/D for optimization problems with many objectives},
  author={Tan, Yan-Yan and others},
  journal={Computers \& Operations Research},
  volume={40},
  number={6},
  pages={1648--1660},
  year={2013},
  publisher={Elsevier}
}
%%%%parallel command
@article{Tange2011a,
  title = {GNU Parallel - The Command-Line Power Tool},
  author = {O. Tange},
  address = {Frederiksberg, Denmark},
  journal = {;login: The USENIX Magazine},
  month = {Feb},
  number = {1},
  volume = {36},
  url = {http://www.gnu.org/s/parallel},
  year = {2011},
  pages = {42-47},
  doi = {http://dx.doi.org/10.5281/zenodo.16303}
}

@article{mahalanobis1936generalised,
  title={On the generalised distance in statistics},
  author={Mahalanobis, Prasanta Chandra},
  journal={Proceedings of the National Institute of Sciences of India, 1936},
  pages={49--55},
  year={1936}
}

@article{Matsumoto:1998:MTE:272991.272995,
 author = {Matsumoto, Makoto and Nishimura, Takuji},
 title = {Mersenne Twister: A 623-dimensionally Equidistributed Uniform Pseudo-random Number Generator},
 journal = {ACM Trans. Model. Comput. Simul.},
 issue_date = {Jan. 1998},
 volume = {8},
 number = {1},
 month = jan,
 year = {1998},
 issn = {1049-3301},
 pages = {3--30},
 numpages = {28},
 url = {http://doi.acm.org/10.1145/272991.272995},
 doi = {10.1145/272991.272995},
 acmid = {272995},
 publisher = {ACM},
 address = {New York, NY, USA},
 keywords = {k-distribution, m-sequences, GFSR, MT19937, Mersenne primes, Mersenne twister, TGFSR, finite fields, incomplete array, inversive-decimation method, multiple-recursive matrix method, primitive polynomials, random number generation, tempering},
} 

@article{li2015evolutionary,
  title={An evolutionary many-objective optimization algorithm based on dominance and decomposition},
  author={Li, Ke and others},
  journal={IEEE Transactions on Evolutionary Computation},
  volume={19},
  number={5},
  pages={694--716},
  year={2015},
  publisher={IEEE}
}

@article{scheffe1958experiments,
  title={Experiments with mixtures},
  author={Scheff{\'e}, Henry},
  journal={Journal of the Royal Statistical Society. Series B (Methodological)},
  pages={344--360},
  year={1958},
  publisher={JSTOR}
}

@book{cornell2011experiments,
  title={Experiments with mixtures: designs, models, and the analysis of mixture data},
  author={Cornell, John A},
  volume={403},
  year={2011},
  publisher={John Wiley \& Sons}
}



@article{fang2000uniform,
  title={On uniform design of experiments with restricted mixtures and generation of uniform distribution on some domains},
  author={Fang, Kai-Tai and Yang, Zhen-Hai},
  journal={Statistics \& Probability Letters},
  volume={46},
  number={2},
  pages={113--120},
  year={2000},
  publisher={Elsevier}
}

@article{fang1994some,
  title={Some applications of number-theoretic methods in statistics},
  author={Fang, Kai-Tai and Wang, Yuan and Bentler, Peter M},
  journal={Statistical Science},
  pages={416--428},
  year={1994},
  publisher={JSTOR}
}

@article{fang2002centered,
  title={Centered L2-discrepancy of random sampling and Latin hypercube design, and construction of uniform designs},
  author={Fang, Kai-Tai and Ma, Chang-Xing and Winker, Peter},
  journal={Mathematics of Computation},
  volume={71},
  number={237},
  pages={275--296},
  year={2002}
}

@article{fang2003note,
  title={A note on construction of nearly uniform designs with large number of runs},
  author={Fang, Kai-Tai and Qin, Hong},
  journal={Statistics \& probability letters},
  volume={61},
  number={2},
  pages={215--224},
  year={2003},
  publisher={Elsevier}
}

@article{fang2000uniform,
  title={Uniform design: theory and application},
  author={Fang, Kai-Tai and others},
  journal={Technometrics},
  volume={42},
  number={3},
  pages={237--248},
  year={2000},
  publisher={Taylor \& Francis Group}
}

@article{xie2000admissibility,
  title={Admissibility and minimaxity of the uniform design measure in nonparametric regression model},
  author={Xie, Min-Yu and Fang, Kai-Tai},
  journal={Journal of statistical planning and inference},
  volume={83},
  number={1},
  pages={101--111},
  year={2000},
  publisher={Elsevier}
}

@article{fang1980uniform,
  title={Uniform design: application of number-theoretic methods in experimental design},
  author={Fang, Kai-Tai},
  journal={Acta Math. Appl. Sin.},
  volume={3},
  pages={363--372},
  year={1980}
}

@book{hua2012applications,
  title={Applications of number theory to numerical analysis},
  author={Hua, L-K and Wang, Yuan},
  year={2012},
  publisher={Springer Science \& Business Media}
}

@incollection{wang2002historical,
  title={An historical overview of lattice point sets},
  author={Wang, Yuan and Hickernell, Fred J},
  booktitle={Monte Carlo and Quasi-Monte Carlo Methods 2000},
  pages={158--167},
  year={2002},
  publisher={Springer}
}


@article{hardin2004discretizing,
  title={Discretizing manifolds via minimum energy points},
  author={Hardin, DP and Saff, EB},
  journal={Notices of the AMS},
  volume={51},
  number={10},
  pages={1186--1194},
  year={2004}
}


@incollection{FonPaqLop06:hypervolume,
  address = {Piscataway, NJ},
  publisher = {IEEE Press},
  month = jul,
  year = 2006,
  booktitle = {Proceedings of the 2006 Congress on Evolutionary
                  Computation (CEC 2006)},
  author = { Carlos M. Fonseca  y  Lu{\'i}s Paquete  y  Manuel L{\'o}pez-Ib{\'a}{\~n}ez },
  title = {An improved dimension\hspace{0pt}-\hspace{0pt}sweep
                  algorithm for the hypervolume indicator},
  pages = {1157--1163},
  doi = {10.1109/CEC.2006.1688440},
  pdf = {FonPaqLop06-hypervolume.pdf},
  abstract = {This paper presents a recursive, dimension-sweep
                  algorithm for computing the hypervolume indicator of
                  the quality of a set of $n$ non-dominated points in
                  $d>2$ dimensions. It improves upon the existing HSO
                  (Hypervolume by Slicing Objectives) algorithm by
                  pruning the recursion tree to avoid repeated
                  dominance checks and the recalculation of partial
                  hypervolumes. Additionally, it incorporates a recent
                  result for the three-dimensional special case.  The
                  proposed algorithm achieves $O(n^{d-2} \log n)$ time
                  and linear space complexity in the worst-case, but
                  experimental results show that the pruning
                  techniques used may reduce the time complexity
                  exponent even further.}
}
@article{wilcoxon1945individual,
  title={Individual comparisons by ranking methods},
  author={Wilcoxon, Frank},
  journal={Biometrics bulletin},
  volume={1},
  number={6},
  pages={80--83},
  year={1945},
  publisher={JSTOR}
}
@inproceedings{Auger:2009:THI:1527125.1527138,
 author = {Auger, Anne  and others},
 title = {Theory of the Hypervolume Indicator: Optimal mu-distributions and the Choice of the Reference Point},
 booktitle = {Proceedings of the Tenth ACM SIGEVO Workshop on Foundations of Genetic Algorithms},
 series = {FOGA '09},
 year = {2009},
 isbn = {978-1-60558-414-0},
 location = {Orlando, Florida, USA},
 pages = {87--102},
 numpages = {16},
 url = {http://doi.acm.org/10.1145/1527125.1527138},
 doi = {10.1145/1527125.1527138},
 acmid = {1527138},
 publisher = {ACM},
 address = {New York, NY, USA},
 keywords = {hypervolume indicator, multiobjective optimization},
} 

@article{Kocis:1997:CIL:264029.264064,
 author = {Kocis, Ladislav and Whiten, William J.},
 title = {Computational Investigations of Low-discrepancy Sequences},
 journal = {ACM Trans. Math. Softw.},
 issue_date = {June 1997},
 volume = {23},
 number = {2},
 month = jun,
 year = {1997},
 issn = {0098-3500},
 pages = {266--294},
 numpages = {29},
 url = {http://doi.acm.org/10.1145/264029.264064},
 doi = {10.1145/264029.264064},
 acmid = {264064},
 publisher = {ACM},
 address = {New York, NY, USA},
 keywords = {Faure sequence, Halton sequence, Monte Carlo and quasi Monte Carlo integration, Sobol sequence, discrepancy, error of numerical integration, generalized Halton sequence, low-discrepancy sequences},
}
